@article{fyn,
author={傅益南},
title={基于"知乎治校"现象的网络舆论研究},
journal={新闻研究导刊},
year={2019},
volume={10},
number={6},
pages={38-39},
month={5},
}
